@article{anscombe,
title="Graphs in Statistical Analysis",
author = "Anscombe, Francis",
journal="The American Statistician",
volume=27,
number=1,
year=1973,
pages={17-21}
}